<?xml version="1.0" encoding="UTF-8"?><record xmlns="http://www.loc.gov/MARC21/slim" xmlns:cinclude="http://apache.org/cocoon/include/1.0" xmlns:zs="http://www.loc.gov/zing/srw/">
  <leader>00656nz  a2200181n  4500</leader>
  <controlfield tag="001">n 2013205274</controlfield>
  <controlfield tag="003">DLC</controlfield>
  <controlfield tag="005">20130907050927.0</controlfield>
  <controlfield tag="008">130907n| azannaabn          |b aaa      </controlfield>
  <datafield tag="010" ind1=" " ind2=" ">
    <subfield code="a">n 2013205274</subfield>
  </datafield>
  <datafield tag="040" ind1=" " ind2=" ">
    <subfield code="a">DLC</subfield>
    <subfield code="b">eng</subfield>
    <subfield code="e">rda</subfield>
    <subfield code="c">DLC</subfield>
  </datafield>
  <datafield tag="100" ind1="1" ind2=" ">
    <subfield code="a">ʻAṭāʼī, Shīr Muḥammad</subfield>
  </datafield>
  <datafield tag="375" ind1=" " ind2=" ">
    <subfield code="a">male</subfield>
  </datafield>
  <datafield tag="377" ind1=" " ind2=" ">
    <subfield code="a">per</subfield>
  </datafield>
  <datafield tag="400" ind1="1" ind2=" ">
    <subfield code="a">‏عطائى، شير محمد</subfield>
  </datafield>
  <datafield tag="400" ind1="1" ind2=" ">
    <subfield code="a">ʻAṭāyī, Shīr Muḥammad</subfield>
  </datafield>
  <datafield tag="667" ind1=" " ind2=" ">
    <subfield code="a">Non-Latin script reference not evaluated.</subfield>
  </datafield>
  <datafield tag="670" ind1=" " ind2=" ">
    <subfield code="a">Ṣalībʹhā-yi farsūdah, 2007:</subfield>
    <subfield code="b">cover (الحاج شير محمد "عطائى" = Al-Ḥājj Shīr Muḥammad "ʻAṭāʼī") prelim. (muḥtaram ʻAṭāʼī ṣaḥab)</subfield>
  </datafield>
</record>